<?xml version="1.0" encoding="UTF-8"?>
<bib>
  <mms_id>990011434390302486</mms_id>
  <record_format>marc21</record_format>
  <linked_record_id/>
  <title>Early keyboard journal /</title>
  <author>Southeastern Historical Keyboard Society (U.S.)</author>
  <issn>0899-8132</issn>
  <network_numbers>
    <network_number>X0098037#Ar</network_number>
    <network_number>(Sirsi) o09837764</network_number>
    <network_number>(OCoLC)09837764</network_number>
    <network_number>u1903912</network_number>
    <network_number>(Aleph)001143439EMU01</network_number>
  </network_numbers>
  <place_of_publication>Athens, Ga. :</place_of_publication>
  <date_of_publication>1983-</date_of_publication>
  <publisher_const>Southeastern Historical Keyboard Society and the University of Georgia School of Music,</publisher_const>
  <holdings link="https://api-na.hosted.exlibrisgroup.com/almaws/v1/bibs/990011434390302486/holdings"/>
  <created_by>import</created_by>
  <created_date>2015-12-03Z</created_date>
  <last_modified_by>System</last_modified_by>
  <last_modified_date>2020-04-19Z</last_modified_date>
  <suppress_from_publishing>false</suppress_from_publishing>
  <suppress_from_external_search>false</suppress_from_external_search>
  <sync_with_oclc>NONE</sync_with_oclc>
  <sync_with_libraries_australia>NONE</sync_with_libraries_australia>
  <originating_system>OTHER</originating_system>
  <originating_system_id>001143439-EMU01</originating_system_id>
  <cataloging_level desc="Default Level">00</cataloging_level>
  <record>
    <leader>01784cas a2200517 a 4500</leader>
    <controlfield tag="001">990011434390302486</controlfield>
    <controlfield tag="005">20200419105522.0</controlfield>
    <controlfield tag="008">830823c19839999gauar     o   0   a0eng d</controlfield>
    <datafield ind1=" " ind2=" " tag="010">
      <subfield code="a">   86644319 </subfield>
      <subfield code="z">sn 85010813</subfield>
    </datafield>
    <datafield ind1="0" ind2=" " tag="022">
      <subfield code="a">0899-8132</subfield>
    </datafield>
    <datafield ind1=" " ind2=" " tag="035">
      <subfield code="a">(Aleph)001143439EMU01</subfield>
    </datafield>
    <datafield ind1="9" ind2=" " tag="035">
      <subfield code="a">u1903912</subfield>
    </datafield>
    <datafield ind1=" " ind2=" " tag="035">
      <subfield code="a">(OCoLC)09837764</subfield>
    </datafield>
    <datafield ind1=" " ind2=" " tag="035">
      <subfield code="a">(Sirsi) o09837764</subfield>
    </datafield>
    <datafield ind1=" " ind2=" " tag="035">
      <subfield code="a">X0098037#Ar</subfield>
      <subfield code="b">CLU</subfield>
    </datafield>
    <datafield ind1=" " ind2=" " tag="040">
      <subfield code="a">INT</subfield>
      <subfield code="c">INT</subfield>
      <subfield code="d">NST</subfield>
      <subfield code="d">CLU</subfield>
      <subfield code="d">NST</subfield>
      <subfield code="d">DLC</subfield>
      <subfield code="d">NST</subfield>
      <subfield code="d">DLC</subfield>
      <subfield code="d">NST</subfield>
      <subfield code="d">IUL</subfield>
      <subfield code="d">NST</subfield>
      <subfield code="d">NSD</subfield>
      <subfield code="d">NST</subfield>
      <subfield code="d">NSD</subfield>
      <subfield code="d">NST</subfield>
      <subfield code="d">EYM</subfield>
      <subfield code="d">UtOrBLW</subfield>
    </datafield>
    <datafield ind1=" " ind2=" " tag="042">
      <subfield code="a">lc</subfield>
      <subfield code="a">nsdp</subfield>
    </datafield>
    <datafield ind1="0" ind2="0" tag="050">
      <subfield code="a">ML549.8</subfield>
      <subfield code="b">.E2</subfield>
    </datafield>
    <datafield ind1="0" ind2="0" tag="082">
      <subfield code="a">786/.05</subfield>
      <subfield code="2">19</subfield>
    </datafield>
    <datafield ind1="0" ind2=" " tag="210">
      <subfield code="a">Early keyboard j.</subfield>
    </datafield>
    <datafield ind1=" " ind2="0" tag="222">
      <subfield code="a">Early keyboard journal</subfield>
    </datafield>
    <datafield ind1="0" ind2="0" tag="245">
      <subfield code="a">Early keyboard journal /</subfield>
      <subfield code="c">Southeastern Historical Keyboard Society.</subfield>
    </datafield>
    <datafield ind1=" " ind2="1" tag="264">
      <subfield code="a">Athens, Ga. :</subfield>
      <subfield code="b">Southeastern Historical Keyboard Society and the University of Georgia School of Music,</subfield>
      <subfield code="c">1983-</subfield>
    </datafield>
    <datafield ind1=" " ind2=" " tag="300">
      <subfield code="a">volumes :</subfield>
      <subfield code="b">illustrations ;</subfield>
      <subfield code="c">22 cm</subfield>
    </datafield>
    <datafield ind1=" " ind2=" " tag="310">
      <subfield code="a">Annual</subfield>
    </datafield>
    <datafield ind1=" " ind2=" " tag="336">
      <subfield code="a">text</subfield>
      <subfield code="b">txt</subfield>
      <subfield code="2">rdacontent</subfield>
    </datafield>
    <datafield ind1=" " ind2=" " tag="337">
      <subfield code="a">unmediated</subfield>
      <subfield code="b">n</subfield>
      <subfield code="2">rdamedia</subfield>
    </datafield>
    <datafield ind1=" " ind2=" " tag="338">
      <subfield code="a">volume</subfield>
      <subfield code="b">nc</subfield>
      <subfield code="2">rdacarrier</subfield>
    </datafield>
    <datafield ind1="0" ind2=" " tag="362">
      <subfield code="a">Vol. 1 (1982-83)-</subfield>
    </datafield>
    <datafield ind1=" " ind2=" " tag="500">
      <subfield code="a">Title from cover.</subfield>
    </datafield>
    <datafield ind1=" " ind2="0" tag="650">
      <subfield code="a">Keyboard instruments</subfield>
      <subfield code="v">Periodicals.</subfield>
    </datafield>
    <datafield ind1=" " ind2="0" tag="650">
      <subfield code="a">Keyboard instrument music</subfield>
      <subfield code="v">Periodicals.</subfield>
    </datafield>
    <datafield ind1=" " ind2="0" tag="650">
      <subfield code="a">Instrumental music</subfield>
      <subfield code="x">History and criticism</subfield>
      <subfield code="v">Periodicals.</subfield>
    </datafield>
    <datafield ind1="2" ind2=" " tag="710">
      <subfield code="a">Southeastern Historical Keyboard Society (U.S.)</subfield>
    </datafield>
    <datafield ind1="2" ind2=" " tag="710">
      <subfield code="a">University of Georgia.</subfield>
      <subfield code="b">School of Music.</subfield>
    </datafield>
    <datafield ind1=" " ind2=" " tag="901">
      <subfield code="c">Mus</subfield>
    </datafield>
    <datafield ind1=" " ind2=" " tag="910">
      <subfield code="a">RDA ENRICHED</subfield>
    </datafield>
    <datafield ind1=" " ind2=" " tag="910">
      <subfield code="a">verified 10/00. recon 2</subfield>
    </datafield>
    <datafield ind1=" " ind2=" " tag="910">
      <subfield code="a">emuldr</subfield>
    </datafield>
    <datafield ind1=" " ind2=" " tag="910">
      <subfield code="a">SCHD ¿d 20001027 ¿g 0 ¿e 4 ¿f 8 ¿v v.18- ¿y 2000-</subfield>
    </datafield>
    <datafield ind1=" " ind2=" " tag="910">
      <subfield code="a">MARS</subfield>
    </datafield>
    <datafield ind1=" " ind2=" " tag="940">
      <subfield code="a">COVID19</subfield>
    </datafield>
    <datafield ind1=" " ind2=" " tag="945">
      <subfield code="a">EMU/rg2</subfield>
    </datafield>
    <datafield ind1=" " ind2=" " tag="945">
      <subfield code="a">9DT</subfield>
      <subfield code="2">20001027</subfield>
    </datafield>
    <datafield ind1=" " ind2="0" tag="966">
      <subfield code="a">GENERAL HAS: v.18- 2000-date</subfield>
    </datafield>
    <datafield ind1=" " ind2=" " tag="994">
      <subfield code="a">Z0</subfield>
      <subfield code="b">EMU</subfield>
    </datafield>
    <datafield ind1=" " ind2=" " tag="INT">
      <subfield code="a">P</subfield>
    </datafield>
    <datafield ind1=" " ind2=" " tag="INST">
      <subfield code="a">01GALI_EMORY</subfield>
    </datafield>
    <datafield ind1=" " ind2=" " tag="AVA">
      <subfield code="0">990011434390302486</subfield>
      <subfield code="8">22187557270002486</subfield>
      <subfield code="a">01GALI_EMORY</subfield>
      <subfield code="b">MUSME</subfield>
      <subfield code="c">Book Stacks</subfield>
      <subfield code="d">ML549 .E38</subfield>
      <subfield code="e">available</subfield>
      <subfield code="f">4</subfield>
      <subfield code="g">0</subfield>
      <subfield code="v">from:18-20 2000 until:30 2014 </subfield>
      <subfield code="j">STACK</subfield>
      <subfield code="k">0</subfield>
      <subfield code="p">1</subfield>
      <subfield code="q">Marian K. Heilbrun Music Media</subfield>
    </datafield>
  </record>
  <requests>0</requests>
</bib>
